@incollection{cruz2013deep,
  title={A deep learning architecture for image representation, visual interpretability and automated basal-cell carcinoma cancer detection},
  author={Cruz-Roa, Angel Alfonso and Ovalle, John Edison Arevalo and Madabhushi, Anant and Osorio, Fabio Augusto Gonz{\'a}lez},
  booktitle={Medical Image Computing and Computer-Assisted Intervention--MICCAI 2013},
  pages={403--410},
  year={2013},
  publisher={Springer}
}

@incollection{roth2015deeporgan,
  title={Deeporgan: Multi-level deep convolutional networks for automated pancreas segmentation},
  author={Roth, Holger R and Lu, Le and Farag, Amal and Shin, Hoo-Chang and Liu, Jiamin and Turkbey, Evrim B and Summers, Ronald M},
  booktitle={Medical Image Computing and Computer-Assisted Intervention--MICCAI 2015},
  pages={556--564},
  year={2015},
  publisher={Springer}
}

@inproceedings{eigen2015predicting,
  title={Predicting depth, surface normals and semantic labels with a common multi-scale convolutional architecture},
  author={Eigen, David and Fergus, Rob},
  booktitle={Proceedings of the IEEE International Conference on Computer Vision},
  pages={2650--2658},
  year={2015}
}

@inproceedings{chang2013classification,
  title={Classification of tumor histology via morphometric context},
  author={Chang, Hang and Borowsky, Alexander and Spellman, Paul and Parvin, Bahram},
  booktitle={Proceedings of the IEEE Conference on Computer Vision and Pattern Recognition},
  pages={2203--2210},
  year={2013}
}
